% Encoding: UTF-8

@Manual{openflow13,
  title  = {{OpenFlow} Switch Specification},
  author = {{Open Networking Foundation}},
  month  = jun,
  year   = {2012},
  url    = {https://opennetworking.org/wp-content/uploads/2014/10/openflow-spec-v1.3.0.pdf},
}

@Misc{gui,
  author = {梵高的向日葵丶},
  month  = feb,
  title  = {SDN(三) RYU控制器相关笔记},
  year   = {2020},
  url    = {https://blog.csdn.net/weixin_42094589/article/details/104160571},
}

@Misc{balance,
  author = {李呈},
  month  = apr,
  title  = {基于{RYU}应用开发之负载均衡},
  year   = {2015},
  url    = {https://www.sdnlab.com/10211.html},
}

@Misc{mininetdown,
  author = {二十年后20},
  month  = dec,
  title  = {mininet命令},
  year   = {2017},
  url    = {https://www.cnblogs.com/cing/p/8025239.html},
}

@InProceedings{Hong2018,
  author    = {Chi-Yao Hong and Subhasree Mandal and Mohammad Al-Fares and Min Zhu and Richard Alimi and Kondapa Naidu B. and Chandan Bhagat and Sourabh Jain and Jay Kaimal and Shiyu Liang and Kirill Mendelev and Steve Padgett and Faro Rabe and Saikat Ray and Malveeka Tewari and Matt Tierney and Monika Zahn and Jonathan Zolla and Joon Ong and Amin Vahdat},
  title     = {B4 and after},
  year      = {2018},
  month     = {aug},
  publisher = {{ACM}},
  doi       = {10.1145/3230543.3230545},
}

@Comment{jabref-meta: databaseType:bibtex;}
