% Encoding: UTF-8

@Misc{vxlannew,
  author = {xjtu\_qyq},
  month  = sep,
  title  = {利用Mininet进行VxLAN验证实验},
  year   = {2018},
  url    = {https://blog.csdn.net/m0_37313888/article/details/82748230},
}

@Manual{linkclone,
  title  = {使用链接克隆},
  author = {{VMWare}},
  month  = may,
  year   = {2019},
  url    = {https://docs.vmware.com/cn/VMware-Workstation-Pro/16.0/com.vmware.ws.using.doc/GUID-BA264A65-C50F-4345-A787-DCC5C5324DD1.html},
}

@Comment{jabref-meta: databaseType:bibtex;}
